@book{faranello,
author={Faranello,Scott and Ebrary,Inc},
year={2012},
title={Balsamiq wireframes quickstart guide},
publisher={Packt Publishing},
address={Birmingham},
edition={1},
}


@book{hiitola,
author={Hiitola,Bethany and ebrary,Inc},
year={2010},
title={Inkscape 0.48 essentials for web designers: use the fascinating Inkscape graphics editor to create attractive layout designs, images, and icons for your website},
publisher={Packt Pub},
address={Birmingham, U.K},
edition={1},
}


@article{joyce,
author={Joyce,Justin A. and Field,Douglas and McBride,Dwight A.},
year={2016},
title={Lorem Ipsum Paris},
journal={James Baldwin Review},
volume={2},
pages={1-5},
keywords={HT51-1595; James Baldwin, Paris, terrorism, police shootings, nationalism, transnationalism; American literature; PS1-3576; Communities. Classes. Races},
}


@article{kruger,
author={Kruger,Johann},
year={2013},
title={Lorem ipsum parem considerabit - Professional peer review},
journal={SA Pharmaceutical Journal},
volume={80},
number={9},
pages={6},
}


@book{mcfarland,
author={McFarland,David S.},
year={2006},
title={CSS: the missing manual},
publisher={O'Reilly Media, Inc},
address={Sebastopol, CA},
edition={1},

}


@article{moreno,
author={Moreno,Freddy},
year={2015},
title={El Lorem Ipsum},
journal={Salutem Scientia Spiritus},
volume={1},
number={2},
pages={8-8},
keywords={Medicine (General); R5-920},
}


@book{perez-montoro,
author={Pérez-Montoro,Mario and Codina,Lluís},
year={2017},
title={Navigation design and SEO for content-intensive websites: a guide for an efficient digital communication},
publisher={Chandos Publishing},
address={Amsterdam, Netherlands},
}


@book{purewal,
author={Purewal,Semmy},
year={2014},
title={Learning web app development},
publisher={O'Reilly},
address={Beijing},
edition={1},
}


@article{roth,
author={Roth,Robert E. and Harrower,Mark},
year={2008},
title={Addressing map interface usability: Learning from the Lakeshore Nature Preserve Interactive Map},
journal={Cartographic Perspectives},
number={60},
pages={46-66},
keywords={Lakeshore Nature Preserve Interactive Map; Usability evaluation; Interface design; Map interaction; Cascading information-to-interface ratio; Ipsum lorem map; Map browsing flexibility},
}


@book{schmitt,
author={Schmitt,Christopher},
year={2004},
title={CSS Cookbook},
publisher={O'Reilly Media, Inc},
address={Sebastopol, CA},
edition={1},

}


@book{cascales,
author={Cascales Salinas,Bernardo},
year={2000},
title={LaTeX: una imprenta en sus manos},
publisher={Aula Documental de Investigación},
address={Madrid},
keywords={Proceso de datos; Latex (Programa de aplicación)},
}