@misc{wikipedia_2021,
  title     = {Royal Albert Hall},
  url       = {https://en.wikipedia.org/wiki/Royal_Albert_Hall},
  journal   = {Wikipedia},
  publisher = {Wikimedia Foundation},
  year      = {2021},
  month     = {Jun}
}

% Escribir citas en bibtex
% https://www.citationmachine.net/bibtex https://www.bibme.org/bibtex/book-citation